
<record>
  <controlfield tag="001">1812551</controlfield>
  <datafield tag="035" ind1=" " ind2=" ">
    <subfield code="9">INSPIRETeX</subfield>
    <subfield code="a">Abudinen:2020zfj</subfield>
  </datafield>
  <datafield tag="035" ind1=" " ind2=" ">
    <subfield code="9">arXiv</subfield>
    <subfield code="a">oai:arXiv.org:2008.08819</subfield>
  </datafield>
  <datafield tag="035" ind1=" " ind2=" ">
    <subfield code="9">DESY</subfield>
    <subfield code="z">D20-kj35aa</subfield>
  </datafield>
  <datafield tag="037" ind1=" " ind2=" ">
    <subfield code="9">arXiv</subfield>
    <subfield code="a">arXiv:2008.08819</subfield>
    <subfield code="c">hep-ex</subfield>
  </datafield>
  <datafield tag="245" ind1=" " ind2=" ">
    <subfield code="9">arXiv</subfield>
    <subfield code="a">Exclusive $B^0 \to \pi^- \ell^+ \nu_\ell$ Decays with Hadronic Full Event Interpretation Tagging in 34.6 fb$^{-1}$ of Belle II Data</subfield>
  </datafield>
  <datafield tag="710" ind1=" " ind2=" ">
    <subfield code="g">Belle-II</subfield>
  </datafield>
</record>