
<record>
  <controlfield tag="001">1816956</controlfield>
  <datafield tag="024" ind1="7" ind2=" ">
    <subfield code="2">DOI</subfield>
    <subfield code="9">SISSA</subfield>
    <subfield code="a">10.22323/1.373.0015</subfield>
  </datafield>
  <datafield tag="035" ind1=" " ind2=" ">
    <subfield code="9">INSPIRETeX</subfield>
    <subfield code="a">Spruck:2020voo</subfield>
  </datafield>
  <datafield tag="035" ind1=" " ind2=" ">
    <subfield code="9">DESY</subfield>
    <subfield code="z">DA20-kp39bx</subfield>
  </datafield>
  <datafield tag="245" ind1=" " ind2=" ">
    <subfield code="9">SISSA</subfield>
    <subfield code="a">Belle II Pixel Detector Commissioning and Operational Experience</subfield>
  </datafield>
  <datafield tag="710" ind1=" " ind2=" ">
    <subfield code="g">Belle IiPxd</subfield>
  </datafield>
</record>